@article{martin2000design,
  title={Design principles and design patterns},
  author={Martin, Robert C},
  journal={Object Mentor},
  volume={1},
  number={34},
  pages={597},
  year={2000}
}

@book{fowler2012patterns,
  title={Patterns of Enterprise Application Architecture: Pattern Enterpr Applica Arch},
  author={Fowler, Martin},
  year={2012},
  publisher={Addison-Wesley}
}
